@book{Guller2016,
  author={Guller, Mohammed},
  title={Big data analytics with Spark},
  year={2016}
},

@misc{Cline2016,
  author={Cline, Marshall},
  title={Whatís this ìserializationî thing all about?},
  url={https://isocpp.org/wiki/faq/serialization#serialize-overview},
  urldate={2016-10-2},
  journal={C++ FAQ},
  year={2016}
},

@misc{Cisco2016,
  url={http://www.cisco.com/c/dam/en/us/solutions/collateral/service-provider/visual-networking-index-vni/complete-white-paper-c11-481360.pdf},
  urldate={2016-10-2},
  journal={Cisco},
  year={2016}
},

@article{SumarayMakki2012,
  author={Sumaray, Audie and Makki, S. Kami},
  title={A comparison of data serialization formats for optimal efficiency on a mobile platform},
  urldate={2016-10-2},
  DOI={10.1145/2184751.2184810},
  journal={Proceedings of the 6th International Conference on Ubiquitous Information Management and Communication - ICUIMC '12},
  year={2012}
},

@book{McDermid1991,
  author={McDermid, John},
  title={Software engineer's reference book},
  place={Oxford},
  publisher={Butterworth-Heinemann},
  year={1991}
},

@misc{Rentachintala2014,
  author={Rentachintala, Neeraja},
  title={Evolving Parquet as self-describing data format ñ New paradigms for consumerization of Hadoop data | MapR},
  url={https://www.mapr.com/blog/evolving-parquet-self-describing-data-format-new-paradigms-consumerization-hadoop-data},
  urldate={2016-10-2},
  journal={Mapr.com},
  year={2014}
},

@article{Queiros2014,
  author ={Ricardo Queir{\'o}s},
  title ={{JSON on Mobile: is there an Efficient Parserl}},
  booktitle ={3rd Symposium on Languages, Applications and Technologies},
  pages ={93--100},
  series ={OpenAccess Series in Informatics (OASIcs)},
  ISBN ={978-3-939897-68-2},
  ISSN ={2190-6807},
  year ={2014},
  volume ={38},
  editor ={Maria Jo{\~a}o Varanda Pereira and Jos{\'e} Paulo Leal and Alberto Sim{\~o}es},
  publisher ={Schloss Dagstuhl--Leibniz-Zentrum fuer Informatik},
  address ={Dagstuhl, Germany},
  URL ={http://drops.dagstuhl.de/opus/volltexte/2014/4562},
  URN ={urn:nbn:de:0030-drops-45629},
  doi ={http://dx.doi.org/10.4230/OASIcs.SLATE.2014.93},
  annote ={Keywords: serialization formats, mobile communication}
}

@misc{Duvander2013,
  author={Duvander, Adam},
  title={JSON's Eight Year Convergence With XML},
  url={http://www.programmableweb.com/news/jsons-eight-year-convergence-xml/2013/12/26},
  urldate={2016-10-2},
  journal={ProgrammableWeb},
  year={Duvander2013}
},

@misc{Droettboom2015,
  author={Droettboom, Michael},
  title={Understanding JSON Schema ó Understanding JSON Schema 1.0 documentation},
  url={https://spacetelescope.github.io/understanding-json-schema/},
  urldate={2016-10-2},
  journal={Spacetelescope.github.io},
  year={2015}
},

@misc{Zyp2013,
  author={Zyp, Kris},
  title={JSON Schema: core definitions and terminology},
  url={http://json-schema.org/latest/json-schema-core.html},
  urldate={2016-10-2},
  journal={Json-schema.org},
  year={2013}
},

@article{FredlundEtAl2014,
  author={Fredlund, Lars Ake and Earle, Clara Benac and Herranz, Angel and Marino, Julio},
  title={Property-Based Testing of JSON Based Web Services},
  urldate={2016-10-2},
  DOI={10.1109/icws.2014.110},
  journal={2014 IEEE International Conference on Web Services},
  year={2014}
},

@article{PezoaEtAl2016,
  author={Pezoa, Felipe and Reutter, Juan L. and Suarez, Fernando and Ugarte, Mart&#237 and Vrgo&#269,},
  title={Foundations of JSON Schema},
  url={http://dl.acm.org/citation.cfm?id=2883029},
  urldate={2016-10-2},
  journal={Proceedings of the 25th International Conference on World Wide Web},
  year={2016},
  pages={263-273}
},

@book{Jackson2016,
  author={Jackson, Wallace},
  title={JSON quick syntax reference},
  year={2016}
},

@misc{Leach2014,
  author={Leach, Brandur},
  title={Elegant APIs with JSON Schema ó Brandur Leach},
  url={https://brandur.org/elegant-apis},
  urldate={2016-10-2},
  journal={Brandur.org},
  year={2014}
},

@book{JacobsonEtAl2012,
  author={Jacobson, Daniel and Brail, Greg and Woods, Dan},
  title={Creating Channels with APIs},
  publisher={O'Reilly Media},
  year={2012}
},

@book{WebberEtAl2010,
  author={Webber, Jim and Parastatidis, Savas and Robinson, Ian},
  title={REST in practice},
  place={[Place of publication not identified]},
  publisher={O'Reilly Media},
  year={2010}
},

@article{Fielding2000,
  author={Fielding, Roy Thomas},
  title={Architectural styles and the design of network-based software architectures},
  url={http://dl.acm.org/citation.cfm?id=932295},
  urldate={2016-10-2},
  journal={University of California, Irvine},
  year={2000}
},

@misc{Wildermuth2015,
  author={Wildermuth, Shawn},
  title={REST matters (and you need more of it)},
  url={https://www.pluralsight.com/blog/tutorials/representational-state-transfer-tips},
  urldate={2016-10-2},
  journal={Pluralsight.com},
  year={2015}
},

@article{LuckyEtAl2016,
  author={Lucky, Meherun and Cremaschi, Marco and Lodigiani, Barbara and Menolascina, Antonio and Paoli, Flavio},
  title={Enriching API Descriptions by Adding API Profiles Through Semantic Annotation},
  url={http://link.springer.com/chapter/10.1007/978-3-319-46295-0_55},
  urldate={2016-10-2},
  journal={Springer International Publishing},
  year={2016},
  pages={780-794}
},

@book{RichardsonEtAl2013,
  author={Richardson, LeonardAmundsen, Michael},
  title={RESTful Web APIs},
  place={Sebastopol, Calif.},
  publisher={O'Reilly},
  year={2013}
},

@article{PautassoEtAl2008,
  author={Pautasso, Cesare and Zimmermann, Olaf and Leymann, Frank},
  title={Restful web services vs. "big"' web services},
  urldate={2016-10-2},
  DOI={10.1145/1367497.1367606},
  journal={Proceeding of the 17th international conference on World Wide Web - WWW '08},
  year={2008}
},

@misc{Knupp2016,
  author={Knupp, Jeff},
  title={Why I Hate HATEOAS},
  url={https://jeffknupp.com/blog/2014/06/03/why-i-hate-hateoas/},
  urldate={2016-10-2},
  journal={Jeffknupp.com},
  year={2016}
},

@misc{LynnEtAl2016,
  author={Lynn, K and Dornin, L},
  title={Modeling RESTful APIs with JSON Hyper-Schema},
  url={https://www.iab.org/wp-content/IAB-uploads/2016/03/draft-lynn-t2trg-model-rest-apis-00.txt},
  urldate={2016-10-3},
  journal={Iab.org},
  year={2016}
},

@misc{Sandoval2015,
  author={Sandoval, Kristopher},
  title={Top Specification Formats for REST APIs | Nordic APIs |},
  url={http://nordicapis.com/top-specification-formats-for-rest-apis/},
  urldate={2016-10-3},
  journal={Nordic APIs},
  year={2015}
},

@misc{GraphQL2016,
  url={http://facebook.github.io/graphql/},
  urldate={2016-10-3},
  journal={Facebook.github.io},
  year={2016}
}
