%% This BibTeX bibliography file was created using BibDesk.
%% http://bibdesk.sourceforge.net/

%% Created for Mateus Maso at 2016-10-04 18:24:27 -0300 


%% Saved with string encoding Unicode (UTF-8) 



@book{Guller2016,
	Author = {Guller, Mohammed},
	Title = {Big data analytics with Spark},
	Year = {2016}}

@online{Cline2016,
	Author = {Cline, Marshall},
	Journal = {C++ FAQ},
	Title = {What{\'\i}s this {\`\i}serialization{\^\i} thing all about?},
	Url = {https://isocpp.org/wiki/faq/serialization#serialize-overview},
	Urldate = {2016-10-2},
	Year = {2016},
	Bdsk-Url-1 = {https://isocpp.org/wiki/faq/serialization#serialize-overview}}

@online{Cisco2016,
	Date-Modified = {2016-10-04 21:23:52 +0000},
	Journal = {Cisco},
	Read = {0},
	Url = {http://www.cisco.com/c/dam/en/us/solutions/collateral/service-provider/visual-networking-index-vni/complete-white-paper-c11-481360.pdf},
	Urldate = {2016-10-2},
	Year = {2016},
	Bdsk-Url-1 = {http://www.cisco.com/c/dam/en/us/solutions/collateral/service-provider/visual-networking-index-vni/complete-white-paper-c11-481360.pdf}}

@article{SumarayMakki2012,
	Author = {Sumaray, Audie and Makki, S. Kami},
	Doi = {10.1145/2184751.2184810},
	Journal = {Proceedings of the 6th International Conference on Ubiquitous Information Management and Communication - ICUIMC '12},
	Title = {A comparison of data serialization formats for optimal efficiency on a mobile platform},
	Urldate = {2016-10-2},
	Year = {2012},
	Bdsk-Url-1 = {http://dx.doi.org/10.1145/2184751.2184810}}

@book{McDermid1991,
	Author = {McDermid, John},
	Place = {Oxford},
	Publisher = {Butterworth-Heinemann},
	Title = {Software engineer's reference book},
	Year = {1991}}

@online{Rentachintala2014,
	Author = {Rentachintala, Neeraja},
	Journal = {Mapr.com},
	Title = {Evolving Parquet as self-describing data format {\~n} New paradigms for consumerization of Hadoop data | MapR},
	Url = {https://www.mapr.com/blog/evolving-parquet-self-describing-data-format-new-paradigms-consumerization-hadoop-data},
	Urldate = {2016-10-2},
	Year = {2014},
	Bdsk-Url-1 = {https://www.mapr.com/blog/evolving-parquet-self-describing-data-format-new-paradigms-consumerization-hadoop-data}}

@article{Queiros2014,
	Address = {Dagstuhl, Germany},
	Annote = {Keywords: serialization formats, mobile communication},
	Author = {Ricardo Queir{\'o}s},
	Booktitle = {3rd Symposium on Languages, Applications and Technologies},
	Doi = {http://dx.doi.org/10.4230/OASIcs.SLATE.2014.93},
	Editor = {Maria Jo{\~a}o Varanda Pereira and Jos{\'e} Paulo Leal and Alberto Sim{\~o}es},
	Isbn = {978-3-939897-68-2},
	Issn = {2190-6807},
	Pages = {93--100},
	Publisher = {Schloss Dagstuhl--Leibniz-Zentrum fuer Informatik},
	Series = {OpenAccess Series in Informatics (OASIcs)},
	Title = {{JSON on Mobile: is there an Efficient Parserl}},
	Url = {http://drops.dagstuhl.de/opus/volltexte/2014/4562},
	Urn = {urn:nbn:de:0030-drops-45629},
	Volume = {38},
	Year = {2014},
	Bdsk-Url-1 = {http://drops.dagstuhl.de/opus/volltexte/2014/4562},
	Bdsk-Url-2 = {http://dx.doi.org/10.4230/OASIcs.SLATE.2014.93}}

@online{Duvander2013,
	Author = {Duvander, Adam},
	Journal = {ProgrammableWeb},
	Title = {JSON's Eight Year Convergence With XML},
	Url = {http://www.programmableweb.com/news/jsons-eight-year-convergence-xml/2013/12/26},
	Urldate = {2016-10-2},
	Year = {Duvander2013},
	Bdsk-Url-1 = {http://www.programmableweb.com/news/jsons-eight-year-convergence-xml/2013/12/26}}

@online{Droettboom2015,
	Author = {Droettboom, Michael},
	Journal = {Spacetelescope.github.io},
	Title = {Understanding JSON Schema {\'o} Understanding JSON Schema 1.0 documentation},
	Url = {https://spacetelescope.github.io/understanding-json-schema/},
	Urldate = {2016-10-2},
	Year = {2015},
	Bdsk-Url-1 = {https://spacetelescope.github.io/understanding-json-schema/}}

@online{Zyp2013,
	Author = {Zyp, Kris},
	Journal = {Json-schema.org},
	Title = {JSON Schema: core definitions and terminology},
	Url = {http://json-schema.org/latest/json-schema-core.html},
	Urldate = {2016-10-2},
	Year = {2013},
	Bdsk-Url-1 = {http://json-schema.org/latest/json-schema-core.html}}

@article{FredlundEtAl2014,
	Author = {Fredlund, Lars Ake and Earle, Clara Benac and Herranz, Angel and Marino, Julio},
	Doi = {10.1109/icws.2014.110},
	Journal = {2014 IEEE International Conference on Web Services},
	Title = {Property-Based Testing of JSON Based Web Services},
	Urldate = {2016-10-2},
	Year = {2014},
	Bdsk-Url-1 = {http://dx.doi.org/10.1109/icws.2014.110}}

@article{PezoaEtAl2016,
	Author = {Pezoa, Felipe and Reutter, Juan L. and Suarez, Fernando and Ugarte, Mart&#237 and Vrgo&#269,},
	Journal = {Proceedings of the 25th International Conference on World Wide Web},
	Pages = {263-273},
	Title = {Foundations of JSON Schema},
	Url = {http://dl.acm.org/citation.cfm?id=2883029},
	Urldate = {2016-10-2},
	Year = {2016},
	Bdsk-Url-1 = {http://dl.acm.org/citation.cfm?id=2883029}}

@book{Jackson2016,
	Author = {Jackson, Wallace},
	Title = {JSON quick syntax reference},
	Year = {2016}}

@online{Leach2014,
	Author = {Leach, Brandur},
	Journal = {Brandur.org},
	Title = {Elegant APIs with JSON Schema {\'o} Brandur Leach},
	Url = {https://brandur.org/elegant-apis},
	Urldate = {2016-10-2},
	Year = {2014},
	Bdsk-Url-1 = {https://brandur.org/elegant-apis}}

@book{JacobsonEtAl2012,
	Author = {Jacobson, Daniel and Brail, Greg and Woods, Dan},
	Publisher = {O'Reilly Media},
	Title = {Creating Channels with APIs},
	Year = {2012}}

@book{WebberEtAl2010,
	Author = {Webber, Jim and Parastatidis, Savas and Robinson, Ian},
	Place = {[Place of publication not identified]},
	Publisher = {O'Reilly Media},
	Title = {REST in practice},
	Year = {2010}}

@article{Fielding2000,
	Author = {Fielding, Roy Thomas},
	Journal = {University of California, Irvine},
	Title = {Architectural styles and the design of network-based software architectures},
	Url = {http://dl.acm.org/citation.cfm?id=932295},
	Urldate = {2016-10-2},
	Year = {2000},
	Bdsk-Url-1 = {http://dl.acm.org/citation.cfm?id=932295}}

@online{Wildermuth2015,
	Author = {Wildermuth, Shawn},
	Journal = {Pluralsight.com},
	Title = {REST matters (and you need more of it)},
	Url = {https://www.pluralsight.com/blog/tutorials/representational-state-transfer-tips},
	Urldate = {2016-10-2},
	Year = {2015},
	Bdsk-Url-1 = {https://www.pluralsight.com/blog/tutorials/representational-state-transfer-tips}}

@article{LuckyEtAl2016,
	Author = {Lucky, Meherun and Cremaschi, Marco and Lodigiani, Barbara and Menolascina, Antonio and Paoli, Flavio},
	Journal = {Springer International Publishing},
	Pages = {780-794},
	Title = {Enriching API Descriptions by Adding API Profiles Through Semantic Annotation},
	Url = {http://link.springer.com/chapter/10.1007/978-3-319-46295-0_55},
	Urldate = {2016-10-2},
	Year = {2016},
	Bdsk-Url-1 = {http://link.springer.com/chapter/10.1007/978-3-319-46295-0_55}}

@book{RichardsonEtAl2013,
	Author = {Richardson, LeonardAmundsen, Michael},
	Place = {Sebastopol, Calif.},
	Publisher = {O'Reilly},
	Title = {RESTful Web APIs},
	Year = {2013}}

@article{PautassoEtAl2008,
	Author = {Pautasso, Cesare and Zimmermann, Olaf and Leymann, Frank},
	Doi = {10.1145/1367497.1367606},
	Journal = {Proceeding of the 17th international conference on World Wide Web - WWW '08},
	Title = {Restful web services vs. "big"' web services},
	Urldate = {2016-10-2},
	Year = {2008},
	Bdsk-Url-1 = {http://dx.doi.org/10.1145/1367497.1367606}}

@online{Knupp2016,
	Author = {Knupp, Jeff},
	Journal = {Jeffknupp.com},
	Title = {Why I Hate HATEOAS},
	Url = {https://jeffknupp.com/blog/2014/06/03/why-i-hate-hateoas/},
	Urldate = {2016-10-2},
	Year = {2016},
	Bdsk-Url-1 = {https://jeffknupp.com/blog/2014/06/03/why-i-hate-hateoas/}}

@online{LynnEtAl2016,
	Author = {Lynn, K and Dornin, L},
	Journal = {Iab.org},
	Title = {Modeling RESTful APIs with JSON Hyper-Schema},
	Url = {https://www.iab.org/wp-content/IAB-uploads/2016/03/draft-lynn-t2trg-model-rest-apis-00.txt},
	Urldate = {2016-10-3},
	Year = {2016},
	Bdsk-Url-1 = {https://www.iab.org/wp-content/IAB-uploads/2016/03/draft-lynn-t2trg-model-rest-apis-00.txt}}

@online{Sandoval2015,
	Author = {Sandoval, Kristopher},
	Journal = {Nordic APIs},
	Title = {Top Specification Formats for REST APIs | Nordic APIs |},
	Url = {http://nordicapis.com/top-specification-formats-for-rest-apis/},
	Urldate = {2016-10-3},
	Year = {2015},
	Bdsk-Url-1 = {http://nordicapis.com/top-specification-formats-for-rest-apis/}}

@online{GraphQL2016,
	Journal = {Facebook.github.io},
	Url = {http://facebook.github.io/graphql/},
	Urldate = {2016-10-3},
	Year = {2016},
	Bdsk-Url-1 = {http://facebook.github.io/graphql/}}
